@book{vanrossum2009python,
	author = {Van Rossum, Guido and Drake, Fred L.},
	title = {Python 3 Reference Manual},
	year = {2009},
	isbn = {1441412697},
	publisher = {CreateSpace},
	address = {Scotts Valley, CA}
}
@misc{SimPy,
	title = {Sim{P}y, a process-based discrete-event simulation framework based on standard Python},
	author = {Klaus Müller, Tony Vignaux, Stefan Scherfke and Ontje Lünsdorf},
	howpublished = "\url{https://simpy.readthedocs.io/en/latest/}",
	note = "Online; accessed 07-September-2023"
}
@article{DahlNygaard1966simula,
	author = {Dahl, Ole-Johan and Nygaard, Kristen},
	title = {SIMULA: An ALGOL-Based Simulation Language},
	year = {1966},
	issue_date = {Sept. 1966},
	publisher = {Association for Computing Machinery},
	address = {New York, NY, USA},
	volume = {9},
	number = {9},
	issn = {0001-0782},
	url = {https://doi-org.myezproxy.vub.ac.be/10.1145/365813.365819},
	doi = {10.1145/365813.365819},
	abstract = {This paper is an introduction to SIMULA, a programming language designed to provide a systems analyst with unified concepts which facilitate the concise description of discrete event systems. A system description also serves as a source language simulation program. SIMULA is an extension of ALGOL 60 in which the most important new concept is that of quasi-parallel processing.},
	journal = {Commun. ACM},
	month = {sep},
	pages = {671–678},
	numpages = {8}
}
@article{helsgaun1980disco,
	title={DISCO-a SIMULA-based language for continuous combined and discrete simulation: Simulation Software},
	author={Helsgaun, Keld},
	journal={Simulation},
	volume={35},
	number={1},
	pages={1--12},
	year={1980},
	publisher={Sage Publications Sage CA: Thousand Oaks, CA}
}
@techreport{plt-tr1,
	title       = {Reference: Racket},
	author      = {Matthew Flatt and PLT},
	number      = {PLT-TR-2010-1},
	institution = {PLT Design Inc.},
	year        = {2010},
	note        = {\url{https://racket-lang.org/tr1/}}
}
@misc{SimulationCollection,
	title = {Simulation Collection: Reference Manual},
	author = {M. Douglas Williams},
	howpublished = "\url{https://planet.racket-lang.org/package-source/williams/simulation.plt/3/5/planet-docs/simulation/index.html}",
	note = "Online; accessed 07-September-2023"
}

@article{bezanson2017julia,
  title={Julia: A fresh approach to numerical computing},
  author={Bezanson, Jeff and Edelman, Alan and Karpinski, Stefan and Shah, Viral B},
  doi={10.1137/141000671},
  journal={SIAM review},
  volume={59},
  number={1},
  pages={65--98},
  year={2017},
  publisher={SIAM}
}


@misc{lauwens2017simjuliaSite,
	title={SimJulia: {D}iscrete {E}vent {P}rocess {O}riented {S}imulation {F}ramework {W}ritten in {J}ulia},
	author={Lauwens, Ben},
	year={2017},
	howpublished = "\url{https://simjuliajl.readthedocs.io/en/stable/welcome.html}",
	note = "Online; accessed 28-June-2022"
}
@inproceedings{lauwens2017simjulia,
	title={Monte {C}Carlo simulation {U}sing {S}im{J}ulia},
	author={Lauwens, Ben},
	booktitle={11th International Conference on MonteCarlo Methods and Applications},
	pages={122},
	year={2017}
}
@inproceedings{hermosilla2017ballistics,
	title={Simulating a {S}tochastic {D}ifferential {E}quation {M}odel by {E}xact {S}ampling},
	author={Hermosilla, Itsaso},
	booktitle={11th International Conference on MonteCarlo Methods and Applications},
	pages={47},
	year={2017}
}


@article{lauwens2017resumablefunctions,
	title={Resumable{F}unctions: C\# {S}harp {S}tyle {G}enerators for {J}ulia},
	author={Lauwens, Ben},
	journal={Journal of Open Source Software},
	volume={2},
	number={18},
	pages={400},
	year={2017}
}

@article{russell2008bridging,
	title={Bridging the {O}bject-{R}elational {D}ivide: {ORM} {T}echnologies {C}an {S}implify {D}ata {A}ccess, {B}ut {B}e {A}ware {O}f {T}he {C}hallenges {T}hat {C}ome {W}ith {I}ntroducing {T}his {N}ew {L}ayer {O}f {A}bstraction},
	author={Russell, Craig},
	journal={Queue},
	volume={6},
	number={3},
	pages={18--28},
	year={2008},
	publisher={ACM New York, NY, USA}
}
@misc{tecnivelPostgresORM,
	title={Postgres{ORM}.jl: {O}bject {R}elational {M}apping for {P}ostgre{SQL}},
	author={Laugier, Vincent},
	year={2021},
	howpublished = "\url{https://juliapostgresorm.github.io/PostgresORM.jl/dev/}",
	note = "Online; accessed 14-September-2023"
}
@misc{psqldocs,
	author = {{PostgreSQL Development Team}},
	title = "{PostgreSQL Documentation}",
	url = {https://www.postgresql.org/docs/}
}
@book{law2007simulation,
	title={Simulation modeling and analysis},
	author={Law, Averill M and Kelton, W David and Kelton, W David},
	volume={3},
	year={2007},
	publisher={Mcgraw-hill New York}
}
@misc{vuejsjlAntonioLoureiro,
	title = {Vue{JS}.jl, Julia web app builder using Vue.js},
	author = {Antonio Loureiro},
	howpublished = "\url{https://github.com/AntonioLoureiro/VueJS.jl}",
	note = "Online; accessed 14-September-2023"
}
@book{fielding2000architectural,
	title={Architectural styles and the design of network-based software architectures},
	author={Fielding, Roy Thomas},
	year={2000},
	publisher={University of California, Irvine}
}
@misc{masny2018vuecrud,
	title={Vue{CRUD}: {V}ue.js based {REST}-ful {CRUD} system},
	author={Szczepan, Masny},
	year={2018},
	howpublished = "\url{https://vue-crud.github.io}",
	note = "Online; accessed 14-September-2023"
}
@inbook{binUzayr2019,
	author="bin Uzayr, Sufyan and Cloud, Nicholas and Ambler, Tim",
	chapter="Vue.js.",
	title={"JavaScript Frameworks for Modern Web Development: The Essential Frameworks, Libraries, and Tools to Learn Right Now"},
	year="2019",
	publisher="Apress",
	address="Berkeley, CA",
	pages="523--539",
}
@misc{nodejs,
	title={Node.js: an open-source, cross-platform JavaScript runtime environment},
	author={Open{JS} {F}oundation},
	howpublished = "\url{https://nodejs.org/en/docs}",
	note = "Online; accessed 14-September-2023"
}
@misc{httpjl,
	title={{HTTP}.jl: HTTP client and server functionality for Julia},
	author={Julia{W}eb: {W}eb technologies in the Julia Programming Language},
	howpublished = "\url{https://github.com/JuliaWeb/HTTP.jl}",
	note = "Online; accessed 14-September-2023"
}
@misc{axios,
	title={Axios: {P}romise based HTTP client for the browser and node.js},
	author={Matt Zabriskie},
	howpublished = "\url{https://axios-http.com/}",
	note = "Online; accessed 14-September-2023"
}
@misc{macrotools,
	title={Macro{T}ools provides a library of tools for working with Julia code and expressions},
	author={Flux{M}l: The Elegant Machine Learning Stack},
	howpublished = "\url{https://fluxml.ai/MacroTools.jl/stable/}",
	note = "Online; accessed 14-September-2023"
}
@misc{datastructures,
	title={Data{S}tructures.jl},
	author={Julia{C}ollections: {C}ollections {D}ata {V}tructures and {A}lgorithms for {J}ulia},
	howpublished = "\url{https://juliacollections.github.io/DataStructures.jl/latest/}",
	note = "Online; accessed 14-September-2023"
}
@inproceedings{de2018simedis,
	title={Simedis 2.0: on the road toward a comprehensive mass casualty incident medical management simulator},
	author={De Rouck, Ruben and Debacker, Michel and Hubloue, Ives and Koghee, Selma and Van Utterbeeck, Filip and Dhondt, Erwin},
	booktitle={2018 Winter Simulation Conference (WSC)},
	pages={2713--2724},
	year={2018},
	organization={IEEE}
}
@article{abar2017agent,
	title={Agent Based Modelling and Simulation tools: A review of the state-of-art software},
	author={Abar, Sameera and Theodoropoulos, Georgios K and Lemarinier, Pierre and O’Hare, Gregory MP},
	journal={Computer Science Review},
	volume={24},
	pages={13--33},
	year={2017},
	publisher={Elsevier}
}
@inproceedings{abdessameud2019manpower,
	title={Manpower planning using simulation and heuristic optimization},
	author={Abdessameud, Oussama Mazari and Van Kerckhoven, Johan and Van Utterbeeck, Filip and Guerry, Marie-Anne},
	booktitle={2019 Industrial Simulation Conference},
	pages={53--58},
	year={2019},
	organization={EUROSIS-ETI}
}
@article{booch2008object,
	title={Object-oriented analysis and design with applications},
	author={Booch, Grady and Maksimchuk, Robert A and Engle, Michael W and Young, Bobbi J and Connallen, Jim and Houston, Kelli A},
	journal={ACM SIGSOFT software engineering notes},
	volume={33},
	number={5},
	pages={29--29},
	year={2008},
	publisher={ACM New York, NY, USA}
}
@book{ambler2012agile,
	title={Agile database techniques: Effective strategies for the agile software developer},
	author={Ambler, Scott},
	year={2012},
	publisher={John Wiley \& Sons}
}
@inproceedings{ireland2009classification,
	title={A classification of object-relational impedance mismatch},
	author={Ireland, Christopher and Bowers, David and Newton, Michael and Waugh, Kevin},
	booktitle={2009 First International Confernce on Advances in Databases, Knowledge, and Data Applications},
	pages={36--43},
	year={2009},
	organization={IEEE}
}
@article{hauser2011review,
	title={Review of db4o from db4objects},
	author={Hauser, Pascal},
	journal={University of Applied Sciences Rapperswil, Switzerland},
	year={2011}
}
@misc{todo,
	title={todo},
	author={todo},
	howpublished = "\url{https://todo.td}",
	note = "Online"
}
@misc{hibernate,
	title={Hibernate 6.3 {D}ocumentation},
	howpublished = "\url{https://hibernate.org/orm/documentation/6.3/}",
	note = "Online; accessed 23-November-2023"
}
@misc{JuliaDB,
	title={Julia{DB}.jl},
	howpublished = "\url{https://juliadb.juliadata.org/stable/}",
	note = "Online; accessed 23-November-2023"
}
@misc{Dataframes,
	title={Data{F}rames.jl},
	howpublished = "\url{https://dataframes.juliadata.org/stable/}",
	note = "Online; accessed 23-November-2023"
}
@misc{genie,
	title={Genieframework},
	author={Salceanu, Adrian},
	howpublished = "\url{https://genieframework.com/}",
	note = "Online; accessed 23-November-2023"
}
@Inbook{Goncalves2013,
	author="Goncalves, Antonio",
	title="Java Persistence API",
	bookTitle="Beginning Java EE 7",
	year="2013",
	publisher="Apress",
	address="Berkeley, CA",
	pages="103--124",
	isbn="978-1-4302-4627-5",
	doi="10.1007/978-1-4302-4627-5_4",
	url="https://doi.org/10.1007/978-1-4302-4627-5_4"
}
@incollection{saeed2022persistence,
	title={Persistence with Jakarta EE Persistence},
	author={Saeed, Luqman and Abdallah, Ghazy},
	booktitle={Pro Cloud Native Java EE Apps: DevOps with MicroProfile, Jakarta EE 10 APIs, and Kubernetes},
	pages={139--192},
	year={2022},
	publisher={Springer}
}
@misc{QuantumSavory,
	title = {Quantum{S}avory.jl, A multi-formalism simulator for noisy quantum communication and computation hardware},
	author = {Krastanov, Stefan and Bhatt, Abhishek},
	howpublished = "\url{https://https://github.com/QuantumSavory/QuantumSavory.jl}",
	note = "Online; accessed 23-November-2023"
}
